@Article{zeileis:2015,
  title = {{partykit}: A Modular Toolkit for Recursive Partytioning
    in {R}},
  author = {Torsten Hothorn and Achim Zeileis},
  journal = {Journal of Machine Learning Research},
  year = {2015},
  volume = {16},
  pages = {3905-3909},
  url = {http://jmlr.org/papers/v16/hothorn15a.html}
}
@Article{zeileis:2008,
  title = {Model-Based Recursive Partitioning},
  author = {Achim Zeileis and Torsten Hothorn and Kurt Hornik},
  journal = {Journal of Computational and Graphical Statistics},
  year = {2008},
  volume = {17},
  number = {2},
  volume =   {6},
  number =   {sep},
  pages =  {1345--1382},
  url =  {http://jmlr.csail.mit.edu/papers/v6/banerjee05a.html}
}
@Book{chambers:1992,
  Title                    = {Statistical Models in \proglang{S}},
  Author                   = {J. M. Chambers and T. J. Hastie},
  Publisher                = {Chapman \& Hall},
  Year                     = {1992},
  Address                  = {London}
}
@Article{zeileis:2010,
  author	= {Achim Zeileis and Yves Croissant},
  title		= {Extended Model Formulas in \proglang{R}: Multiple Parts and Multiple Responses},
  journal	= {Journal of Statistical Software},
  year		= {2010},
  volume	= {34},
  number	= {1},
  pages		= {1--13},
  url		= {http://www.jstatsoft.org/v34/i01/}
}
@Article{Banerjee:2005,
  author =   {Arindam Banerjee and Inderjit S. Dhillon and Joydeep
                  Ghosh and Suvrit Sra},
  title =  {Clustering on the Unit Hypersphere Using von
                  {M}ises-{F}isher Distributions},
  journal =  {Journal of Machine Learning Research},
  year =   2005,
  volume =   6,
  number =   sep,
  pages =  {1345--1382},
  url =          {http://jmlr.csail.mit.edu/papers/v6/banerjee05a.html}
}
@Article{fisher:1992,
  author = {N. I. Fisher and A. J. Lee},
  title =  {Regression {Models} for an {Angular} {Response}},
  journal =  {Biometrics},
  year =   1992,
  volume =   48,
  number =   3,
  pages =  {665--677},
  DOI =    {10.2307/2532334}
}
